% This file was created with Citavi 6.8.0.0

@book{2009,
 year = {2009},
 title = {Managed Services: IT-Sourcing der n{\"a}chsten Generation},
 price = {ca. EUR 59.90},
 keywords = {Erfolgsfaktor;Informationsmanagement;Informationstechnik;IT-Dienstleister;Make-or- Buy-Entscheidung;Outsourcing;Unternehmen;Unternehmensdienstleistung},
 address = {Wiesbaden},
 edition = {1. Aufl.},
 publisher = {Gabler},
 editor = {{Hans-Dieter Wysuwa}},
 file = {http://d-nb.info/990087883/04},
 file = {59065ee0-1212-49a1-a2fd-b3c972746518:C\:\\Users\\z003sz1x\\AppData\\Local\\Swiss Academic Software\\Citavi 6\\ProjectCache\\ojv55q41j9duhlzoqwpf58h4dx1huwta6ba7rvs8s7i\\Citavi Attachments\\59065ee0-1212-49a1-a2fd-b3c972746518.pdf:pdf}
}


@book{2010,
 author = {Lampe, Frank},
 year = {2010},
 title = {Green-IT, Virtualisierung und Thin Clients: Mit neuen IT-Techno-logien Energieeffizienz erreichen, die Umwelt schonen und Kosten sparen ; mit 32 Tabellen},
 price = {EUR 34.95 (DE)},
 keywords = {Electric engineering;Energieeffizienz;Engineering;Information systems;Informationstechnik;Kostensenkung;Thin client;Umweltvertr{\"a}glichkeit;Virtualisierung},
 address = {Wiesbaden},
 edition = {1. Aufl.},
 publisher = {{Vieweg + Teubner}},
 series = {Praxis IT-Management und -Anwendung},
 file = {http://d-nb.info/991550404/04},
 file = {23e88c3a-2a19-41e5-85ec-ee5fa3935eec:C\:\\Users\\z003sz1x\\AppData\\Local\\Swiss Academic Software\\Citavi 6\\ProjectCache\\ojv55q41j9duhlzoqwpf58h4dx1huwta6ba7rvs8s7i\\Citavi Attachments\\23e88c3a-2a19-41e5-85ec-ee5fa3935eec.pdf:pdf}
}


@book{2014,
 author = {Richey, Daniel and Pardey, John and Nitsch, Lars},
 year = {2014},
 title = {Windows Server 2012 R2 und Windos 8.1 : Administration, Virtualisierung und Einsatz als Applikationsplattform},
 address = {M{\"u}nchen},
 publisher = {Heinemann},
 series = {IT-Administrator Sonderheft 2014,1}
}


@misc{AdamBertram2018,
 author = {{Adam Bertram}},
 editor = {computerweekly.de},
 year = {2018},
 title = {PowerShell vs. Bash unter Windows: Ein Vergleich},
 url = {https://www.computerweekly.com/de/tipp/PowerShell-vs-Bash-unter-Windows-Ein-Vergleich},
 urldate = {2021-06-16}
}


@book{Baun2009,
 author = {Baun, Christian and Kunze, Marcel and Ludwig, Thomas},
 year = {2009},
 title = {Servervirtualisierung},
 volume = {32},
 doi = {10.1007/s00287-008-0321-6},
 file = {dd1e8f72-27dd-4f1e-965a-8e81d710a330:C\:\\Users\\z003sz1x\\AppData\\Local\\Swiss Academic Software\\Citavi 6\\ProjectCache\\ojv55q41j9duhlzoqwpf58h4dx1huwta6ba7rvs8s7i\\Citavi Attachments\\dd1e8f72-27dd-4f1e-965a-8e81d710a330.pdf:pdf}
}


@book{Baun2020,
 author = {Baun, Christian},
 year = {2020},
 title = {Betriebssysteme kompakt},
 address = {Berlin, Heidelberg},
 publisher = {{Springer Berlin Heidelberg}},
 doi = {10.1007/978-3-662-61411-2},
 file = {a35f28f3-6cfc-480e-8c7f-0d34984ba2af:C\:\\Users\\z003sz1x\\AppData\\Local\\Swiss Academic Software\\Citavi 6\\ProjectCache\\ojv55q41j9duhlzoqwpf58h4dx1huwta6ba7rvs8s7i\\Citavi Attachments\\a35f28f3-6cfc-480e-8c7f-0d34984ba2af.pdf:pdf}
}


@book{Bengel2015,
 author = {Bengel, G{\"u}nther and Baun, Christian and Kunze, Marcel and Stucky, Karl-Uwe},
 year = {2015},
 title = {Masterkurs Parallele und Verteilte Systeme},
 address = {Wiesbaden},
 publisher = {{Springer Fachmedien Wiesbaden}},
 doi = {10.1007/978-3-8348-2151-5},
 file = {c5073835-e2cd-44d1-9132-c4ad27d4fe93:C\:\\Users\\z003sz1x\\AppData\\Local\\Swiss Academic Software\\Citavi 6\\ProjectCache\\ojv55q41j9duhlzoqwpf58h4dx1huwta6ba7rvs8s7i\\Citavi Attachments\\c5073835-e2cd-44d1-9132-c4ad27d4fe93.pdf:pdf}
}


@book{Betzler2007,
 year = {2007},
 title = {IT: Technologien, L{\"o}sungen, Innovationen},
 price = {ca. EUR 39.95, ca. sfr 68.00},
 keywords = {Informationstechnik;Unternehmen},
 address = {Berlin},
 publisher = {Springer},
 editor = {Kircher, Herbert},
 file = {http://d-nb.info/981183808/04},
 file = {f6fb0252-9a85-41f9-a73d-e86b40dde735:C\:\\Users\\z003sz1x\\AppData\\Local\\Swiss Academic Software\\Citavi 6\\ProjectCache\\ojv55q41j9duhlzoqwpf58h4dx1huwta6ba7rvs8s7i\\Citavi Attachments\\f6fb0252-9a85-41f9-a73d-e86b40dde735.pdf:pdf}
}


@article{Bhattacharya,
 author = {Bhattacharya, Kamal},
 title = {Interview mit Doug King zum Thema {\glqq}Die Auswirkung von Virtualisierung und Cloud-Computing auf IT-Service-Management{\grqq}},
 pages = {53--55},
 volume = {53},
 number = {1},
 issn = {0937-6429},
 journal = {WIRTSCHAFTSINFORMATIK},
 doi = {10.1007/s11576-010-0256-9},
 file = {8e0ae965-f8d1-43e3-b754-3882e5c350d0:C\:\\Users\\z003sz1x\\AppData\\Local\\Swiss Academic Software\\Citavi 6\\ProjectCache\\ojv55q41j9duhlzoqwpf58h4dx1huwta6ba7rvs8s7i\\Citavi Attachments\\8e0ae965-f8d1-43e3-b754-3882e5c350d0.pdf:pdf}
}


@book{Bindel2013,
 author = {Bindel, Thomas and Hofmann, Dieter},
 year = {2013},
 title = {Projektierung von Automatisierungsanlagen},
 address = {Wiesbaden},
 publisher = {{Springer Fachmedien Wiesbaden}},
 doi = {10.1007/978-3-8348-2082-2},
 file = {00da87f8-ba4e-4393-81bc-7ab1fa2d2bdf:C\:\\Users\\z003sz1x\\AppData\\Local\\Swiss Academic Software\\Citavi 6\\ProjectCache\\ojv55q41j9duhlzoqwpf58h4dx1huwta6ba7rvs8s7i\\Citavi Attachments\\00da87f8-ba4e-4393-81bc-7ab1fa2d2bdf.pdf:pdf}
}


@article{Birk2010,
 author = {Birk, Dominik and Wegener, Christoph},
 title = {{\"U}ber den Wolken: Cloud Computing im {\"U}berblick},
 pages = {641--645},
 volume = {34},
 number = {9},
 issn = {1614-0702},
 journal = {Datenschutz und Datensicherheit - DuD},
 doi = {10.1007/s11623-010-0152-x},
 file = {13779a75-abc4-41a8-9595-f9ab24961b59:C\:\\Users\\z003sz1x\\AppData\\Local\\Swiss Academic Software\\Citavi 6\\ProjectCache\\ojv55q41j9duhlzoqwpf58h4dx1huwta6ba7rvs8s7i\\Citavi Attachments\\13779a75-abc4-41a8-9595-f9ab24961b59.pdf:pdf}
}


@book{Bogelsack2012,
 author = {B{\"o}gelsack, Andr{\'e}},
 year = {2012},
 title = {Performance und Skalierung von virtualisierten SAP-ERP-Systemen},
 address = {Wiesbaden},
 publisher = {{Gabler Verlag}},
 doi = {10.1007/978-3-8349-6803-6},
 file = {9847318f-e0cb-491c-9e44-a4303e99b916:C\:\\Users\\z003sz1x\\AppData\\Local\\Swiss Academic Software\\Citavi 6\\ProjectCache\\ojv55q41j9duhlzoqwpf58h4dx1huwta6ba7rvs8s7i\\Citavi Attachments\\9847318f-e0cb-491c-9e44-a4303e99b916.pdf:pdf}
}


@incollection{Braunig,
 author = {Br{\"a}unig, Markus and Steffan, R{\"u}diger},
 title = {Doppelte Virtualisierung am Beispiel einer Datenbank-Cluster-Konfiguration f{\"u}r den Aufbau von Testumgebungen},
 pages = {51--57},
 volume = {12},
 doi = {10.1007/s13222-011-0073-3},
 file = {2bd6f860-dcf5-4916-9d94-bab7c65b955b:C\:\\Users\\z003sz1x\\AppData\\Local\\Swiss Academic Software\\Citavi 6\\ProjectCache\\ojv55q41j9duhlzoqwpf58h4dx1huwta6ba7rvs8s7i\\Citavi Attachments\\2bd6f860-dcf5-4916-9d94-bab7c65b955b.pdf:pdf}
}


@misc{cubewerkGmbH2017,
 author = {{cubewerk GmbH}},
 year = {2017},
 title = {Monitoring Ihrer IT mit Zabbix in 10 Minuten erkl{\"a}rt},
 url = {https://www.youtube.com/watch?v=hdCRrEvOO3U},
 urldate = {2021-07-01},
 file = {https://www.youtube.com/watch?v=hdCRrEvOO3U}
}


@book{Dordevic,
 abstract = {2020 28th Telecommunications Forum (TELFOR);2020; ; ;10.1109/TELFOR51502.2020.9306625},
 author = {Dordevic, Borislav and Furtula, Rade and Timcenko, Valentina},
 title = {VMware ESXi and Microsoft Hyper-V Hypervisor Performance Comparison},
 keywords = {ESXi;Filebench;HD Tune Pro;Hyper-V;Hypervisor;Linux;Virtualization;Windows 2016},
 doi = {10.1109/TELFOR51502.2020.9306625},
 file = {https://ieeexplore.ieee.org/xpl/mostRecentIssue.jsp?punumber=9306507},
 file = {92c8717b-7b76-49d4-b4dd-4edda6945cfb:C\:\\Users\\z003sz1x\\AppData\\Local\\Swiss Academic Software\\Citavi 6\\ProjectCache\\ojv55q41j9duhlzoqwpf58h4dx1huwta6ba7rvs8s7i\\Citavi Attachments\\92c8717b-7b76-49d4-b4dd-4edda6945cfb.pdf:pdf}
}


@book{ESVErichSchmidtVerlagGmbH&Co.KGwww.ESV.info2011,
 author = {{ESV - Erich Schmidt Verlag GmbH {\&} Co. KG - www.ESV.info}},
 year = {2011},
 title = {IT-Outsourcing in der Praxis: Strategien, Projektmanagement, Wirtschaftlichkeit},
 keywords = {Betriebliches Informationssystem;Contracting out;Digitalisierung;egal in welcher Form;Informationsmanagement;Informationstechnik;insbesondere durch Vervielf{\"a}ltigung;Internetbasierter Dienst;ist unzul{\"a}ssig und strafbar.;IT-Dienstleister;Outsourcing;Prozessmanagement;Speicherung in Datenbanksystemen bzw. im Internet oder Intranets;Unternehmen;Verbreitung;Wichtiger Hinweis: Die Ihnen gelieferten Inhalte und Programme sind urheberrechtlich gesch{\"u}tzt Sie d{\"u}rfen nur im Rahmen der urheberrechtlichen und vertraglichen Regelungen verwendet werden. Eine dar{\"u}ber hinausgehende Verwendung der Inhalte und Programme},
 address = {Berlin},
 edition = {2., v{\"o}llig neu bearb. und erw. Aufl.},
 publisher = {Schmidt},
 file = {826bc677-1a57-4372-bdf2-0a2c5575c681:C\:\\Users\\z003sz1x\\AppData\\Local\\Swiss Academic Software\\Citavi 6\\ProjectCache\\ojv55q41j9duhlzoqwpf58h4dx1huwta6ba7rvs8s7i\\Citavi Attachments\\826bc677-1a57-4372-bdf2-0a2c5575c681.pdf:pdf;228a9fec-9390-4490-951a-9afd499d249a:C\:\\Users\\z003sz1x\\AppData\\Local\\Swiss Academic Software\\Citavi 6\\ProjectCache\\ojv55q41j9duhlzoqwpf58h4dx1huwta6ba7rvs8s7i\\Remote Attachments\\228a9fec-9390-4490-951a-9afd499d249a.pdf:pdf}
}


@misc{Finke20210710,
 author = {Finke, Doug},
 year = {2021},
 title = {PowerShell + Excel = Better Together: Automate Excel via PowerShell without having Excel installed. Runs on Windows, Linux and MAC. Creating Tables, Pivot Tables, Charts and much more has just become a lot easier.},
 url = {https://github.com/dfinke/ImportExcel},
 urldate = {2021-07-20}
}


@book{Gharbi2013,
 author = {Gharbi, Mahbouba. and Koschel, Arne and Rausch, Andreas and Starke, Gernot},
 year = {2013},
 title = {Basiswissen f{\"u}r Softwarearchitekten : Aus- und Weiterbildung nach iSAQB-Standard zum Certified Professional for Software Architecture - Foundation Level},
 keywords = {Paperback / softback;Softwarearchitekten - Softwaredesigner - Softwareentwickler - Systemanalytiker - Technische Projektleiter;Softwarearchitektur;Softwareentwicklung;Softwarequalit{\"a}t},
 address = {Heidelberg},
 edition = {1. Aufl.},
 publisher = {dpunkt.verl.},
 isbn = {3898647919}
}


@book{Guthrie2013,
 author = {Guthrie, F. and Lowe, S. and Coleman, K.},
 year = {2013},
 title = {VMware vSphere Design},
 url = {https://books.google.de/books?id=Wsglfnflv-kC},
 publisher = {Wiley},
 isbn = {9781118493946}
}


@misc{Hagel2021,
 author = {Hagel, Jens},
 editor = {{Hagel IT Services}},
 year = {2021},
 title = {Was ist Windows Server und was ist der Unteschied zum normalen Windows?},
 url = {https://www.hagel-it.de/it-dienstleistungen/was-ist-windows-server-und-wie-unterscheidet-er-sich-vom-normalen-windows.html},
 urldate = {2021-07-22}
}


@article{Hasenkamp,
 author = {Hasenkamp, Henrik},
 title = {Hyperkonvergente IT-Infrastrukturen: Theorie und Praxis},
 pages = {59--61},
 volume = {13},
 number = {1},
 issn = {1867-5905},
 journal = {Wirtschaftsinformatik {\&} Management},
 doi = {10.1365/s35764-020-00309-4},
 file = {83bdfc2f-2d13-4e6b-acf9-86d3dc1bd108:C\:\\Users\\z003sz1x\\AppData\\Local\\Swiss Academic Software\\Citavi 6\\ProjectCache\\ojv55q41j9duhlzoqwpf58h4dx1huwta6ba7rvs8s7i\\Citavi Attachments\\83bdfc2f-2d13-4e6b-acf9-86d3dc1bd108.pdf:pdf}
}


@book{HolgerSchwichtenberg2018,
 author = {{Holger Schwichtenberg}},
 year = {2018},
 title = {PowerShell und PowerShell Core: Skriptbasierte Windows-Systemadministration f{\"u}r Windows, Linux und macOS},
 publisher = {Hanser},
 isbn = {978-3-446-45214-5},
 file = {2aba30c3-4a2b-4be4-b0f2-eeded2cdc9f1:C\:\\Users\\z003sz1x\\AppData\\Local\\Swiss Academic Software\\Citavi 6\\ProjectCache\\ojv55q41j9duhlzoqwpf58h4dx1huwta6ba7rvs8s7i\\Citavi Attachments\\2aba30c3-4a2b-4be4-b0f2-eeded2cdc9f1.pdf:pdf}
}


@book{Holmes2013,
 author = {Holmes, Lee and Masuch, Rolf},
 year = {2013},
 title = {Windows PowerShell 3.0 : kurz {\&} gut},
 keywords = {Befehlsvorrat;Verzeichnis;Windows PowerShell 3.0},
 address = {Beijing},
 edition = {3. Aufl.},
 publisher = {O'Reilly},
 isbn = {3955610551},
 series = {O'Reillys Taschenbibliothek}
}


@misc{JoeyAiello032020,
 author = {{Joey Aiello}},
 editor = {Microsoft},
 year = {2020},
 title = {Announcing PowerShell 7.0},
 url = {https://devblogs.microsoft.com/powershell/announcing-powershell-7-0/},
 urldate = {2021-06-16}
}


@misc{Microsoft2017,
 author = {Microsoft},
 year = {2017},
 title = {Server-Manager},
 url = {https://docs.microsoft.com/de-de/windows-server/administration/server-manager/server-manager},
 urldate = {2021-07-28}
}


@misc{Microsoft2021,
 author = {Microsoft},
 editor = {Microsoft},
 year = {2021},
 title = {Was ist PowerShell?},
 url = {https://docs.microsoft.com/de-de/powershell/scripting/overview?view=powershell-7.1},
 address = {https://docs.microsoft.com/},
 urldate = {2021-06-15}
}


@book{Monadjemi2017,
 author = {Monadjemi, Peter},
 year = {2017},
 title = {Windows Server-Administration mit PowerShell 5.1},
 address = {Wiesbaden},
 publisher = {{Springer Fachmedien Wiesbaden}},
 doi = {10.1007/978-3-658-17666-2},
 file = {81bd02c2-81ff-4e28-96c2-b8711c8a9712:C\:\\Users\\z003sz1x\\AppData\\Local\\Swiss Academic Software\\Citavi 6\\ProjectCache\\ojv55q41j9duhlzoqwpf58h4dx1huwta6ba7rvs8s7i\\Citavi Attachments\\81bd02c2-81ff-4e28-96c2-b8711c8a9712.pdf:pdf}
}


@book{Muller2011,
 author = {M{\"u}ller, J{\"u}rgen and Pfeiffer, Bernd-Markus and Wieser, Roland},
 year = {2011},
 title = {Regeln mit SIMATIC : Praxisbuch f{\"u}r Regelungen mit SIMATIC S7 und SIMATIC PCS 7 f{\"u}r die Prozessautomatisierung},
 keywords = {Lehrbuch;SIMATIC PCS7;SIMATIC S7},
 address = {Erlangen},
 edition = {4., {\"u}berarb. und erweiterte Aufl.},
 publisher = {{PUBLICIS Publishing}},
 isbn = {9783895783401}
}


@book{Nahrstedt2014,
 author = {Nahrstedt, Harald},
 year = {2014},
 title = {Excel + VBA f{\"u}r Maschinenbauer},
 address = {Wiesbaden},
 publisher = {{Springer Fachmedien Wiesbaden}},
 doi = {10.1007/978-3-658-05959-0},
 file = {e21bdb8a-280f-471e-90cb-8be1d0641f4f:C\:\\Users\\z003sz1x\\AppData\\Local\\Swiss Academic Software\\Citavi 6\\ProjectCache\\ojv55q41j9duhlzoqwpf58h4dx1huwta6ba7rvs8s7i\\Citavi Attachments\\e21bdb8a-280f-471e-90cb-8be1d0641f4f.pdf:pdf}
}


@book{Nahrstedt2017,
 author = {Nahrstedt, Harald},
 year = {2017},
 title = {Excel in Perfektion},
 address = {Wiesbaden},
 publisher = {{Springer Fachmedien Wiesbaden}},
 doi = {10.1007/978-3-658-19441-3},
 file = {6895dd35-1160-4c1c-836f-02029c519d70:C\:\\Users\\z003sz1x\\AppData\\Local\\Swiss Academic Software\\Citavi 6\\ProjectCache\\ojv55q41j9duhlzoqwpf58h4dx1huwta6ba7rvs8s7i\\Citavi Attachments\\6895dd35-1160-4c1c-836f-02029c519d70.pdf:pdf}
}


@misc{PaesslerAG2021,
 author = {{Paessler AG}},
 editor = {{Paessler AG}},
 year = {2021},
 title = {PRTG Network Monitor: Mit diesen Funktionen {\"u}berwachen Sie alles},
 url = {https://www.de.paessler.com/prtg/features},
 urldate = {2021-07-01}
}


@misc{PaesslerAG2021b,
 author = {{Paessler AG}},
 editor = {{Paessler AG}},
 year = {2021},
 title = {PRTG Network Monitor: PRTG {\"u}berwacht VMware-Umgebungen},
 url = {https://www.de.paessler.com/vmware_monitoring},
 urldate = {2021-07-01}
}


@misc{PaesslerAG2021c,
 author = {{Paessler AG}},
 editor = {{Paessler AG}},
 year = {2021},
 title = {PRTG: Pricing},
 url = {https://www.de.paessler.com/prtg/pricing},
 urldate = {2021-07-01}
}


@article{Popek1974,
 abstract = {Virtual machine systems have been implemented on a limited number of third generation

computer systems, e.g. CP-67 on the IBM 360/67. From previous empirical studies, it

is known that certain third generation computer systems, e.g. the DEC PDP-10, cannot

support a virtual machine system. In this paper, model of a third-generation-like

computer system is developed. Formal techniques are used to derive precise sufficient

conditions to test whether such an architecture can support virtual machines.},
 author = {Popek, Gerald J. and Goldberg, Robert P.},
 year = {1974},
 title = {Formal Requirements for Virtualizable Third Generation Architectures},
 keywords = {abstract model;formal requirements;Hypervisor;operating system;proof;sensitive instruction;third generation architecture;virtual machine;virtual machine monitor;virtual memory},
 pages = {412--421},
 number = {7},
 issn = {0001-0782},
 journal = {Commun. ACM},
 doi = {10.1145/361011.361073},
 file = {7d8d4530-48d9-402a-8334-250ebdbb8d01:C\:\\Users\\z003sz1x\\AppData\\Local\\Swiss Academic Software\\Citavi 6\\ProjectCache\\ojv55q41j9duhlzoqwpf58h4dx1huwta6ba7rvs8s7i\\Citavi Attachments\\7d8d4530-48d9-402a-8334-250ebdbb8d01.pdf:pdf}
}


@book{Portnoy2012,
 author = {Portnoy, Matthew and Engel, Reinhard},
 year = {2012},
 title = {Virtualisierung f{\"u}r Einsteiger : [die Grundkonzepte verstehen und praktisch umsetzen ; VMware ESXi, Citrix Xen und Hyper-V kennenlernen ; virtuelle Maschinen anlegen, Windows und Linux installieren, Speicher und CPU verwalten, Hochverf{\"u}gbarkeit u.v.m.]},
 keywords = {Virtualisierung;Virtuelle Maschine;Virtueller Server;Virtuelles Netz},
 address = {Weinheim},
 edition = {1. Aufl.},
 publisher = {{Sybex, Wiley-VCH-Verl.}},
 isbn = {9783527760237},
 file = {18c2fd15-834a-4ab6-b6c6-1acf24f802d0:C\:\\Users\\z003sz1x\\AppData\\Local\\Swiss Academic Software\\Citavi 6\\ProjectCache\\ojv55q41j9duhlzoqwpf58h4dx1huwta6ba7rvs8s7i\\Citavi Attachments\\18c2fd15-834a-4ab6-b6c6-1acf24f802d0.pdf:pdf}
}


@article{Rambadran,
 author = {Rambadran, Prabu},
 title = {Rechenzentrum: Infrastrukturen f{\"u}r das Cloud-Zeitalter},
 pages = {56--63},
 volume = {9},
 number = {1},
 issn = {1867-5905},
 journal = {Wirtschaftsinformatik {\&} Management},
 doi = {10.1007/s35764-017-0008-3},
 file = {e80dc6f4-2e61-4f7f-99e0-f5877f898e55:C\:\\Users\\z003sz1x\\AppData\\Local\\Swiss Academic Software\\Citavi 6\\ProjectCache\\ojv55q41j9duhlzoqwpf58h4dx1huwta6ba7rvs8s7i\\Citavi Attachments\\e80dc6f4-2e61-4f7f-99e0-f5877f898e55.pdf:pdf}
}


@misc{RichardSiddaway2018,
 author = {{Richard Siddaway}},
 editor = {computerweekly.de},
 year = {2018},
 title = {Kommandozeile vs. GUI: Das richtige Admin-Tool finden},
 url = {https://www.computerweekly.com/de/tipp/Kommandozeile-vs-GUI-Das-richtige-Admin-Tool-finden},
 urldate = {2021-06-16}
}


@book{Schauland2016,
 author = {Schauland, Derek and Jacobs, Donald},
 year = {2016},
 title = {Troubleshooting Windows Server with PowerShell},
 address = {Berkeley, CA},
 publisher = {Apress},
 doi = {10.1007/978-1-4842-1851-8},
 file = {c9a9b4e0-8acb-4aa4-b428-b192bf3cdbd6:C\:\\Users\\z003sz1x\\AppData\\Local\\Swiss Academic Software\\Citavi 6\\ProjectCache\\ojv55q41j9duhlzoqwpf58h4dx1huwta6ba7rvs8s7i\\Citavi Attachments\\c9a9b4e0-8acb-4aa4-b428-b192bf3cdbd6.pdf:pdf}
}


@book{Schnell2019,
 author = {Schnell, Gerhard and Wiedemann, Bernhard},
 year = {2019},
 title = {Bussysteme in der Automatisierungs- und Prozesstechnik},
 address = {Wiesbaden},
 publisher = {{Springer Fachmedien Wiesbaden}},
 doi = {10.1007/978-3-658-23688-5},
 file = {2d4962dc-3b12-4f38-a207-74424bb667d6:C\:\\Users\\z003sz1x\\AppData\\Local\\Swiss Academic Software\\Citavi 6\\ProjectCache\\ojv55q41j9duhlzoqwpf58h4dx1huwta6ba7rvs8s7i\\Citavi Attachments\\2d4962dc-3b12-4f38-a207-74424bb667d6.pdf:pdf}
}


@book{Schwichtenberg2016,
 author = {Schwichtenberg, Holger},
 year = {2016},
 title = {Windows Scripting lernen: Von Windows ScriptHost und Visual Basic Script bis zur Windows PowerShell},
 price = {Festeinband : EUR 34,99 (DE)},
 keywords = {VBScript 5.8;VisualBASIC Script 5.8;Windows PowerShell 5.0;Windows Scripting Host 5.8},
 address = {M{\"u}nchen},
 edition = {[Sechste Auflage]},
 publisher = {Hanser},
 file = {77c67a91-0c67-4032-9dd9-91912a1d0932:C\:\\Users\\z003sz1x\\AppData\\Local\\Swiss Academic Software\\Citavi 6\\ProjectCache\\ojv55q41j9duhlzoqwpf58h4dx1huwta6ba7rvs8s7i\\Citavi Attachments\\77c67a91-0c67-4032-9dd9-91912a1d0932.pdf:pdf}
}


@misc{SiemensAG,
 abstract = {Prozessleitsystem PCS 7},
 author = {{Siemens AG}},
 date = {2021},
 title = {PCS 7 Liesmich V9.1 (Online)},
 url = {https://cache.industry.siemens.com/dl/files/270/109780270/att_1023550/v1/pcs7-liesmich_de-DE.pdf},
 urldate = {2021-06-16},
 editor = {{Siemens AG}},
 file = {adf8b9a5-9412-4c29-8ffe-3ccbb52275d9:C\:\\Users\\z003sz1x\\AppData\\Local\\Swiss Academic Software\\Citavi 6\\ProjectCache\\ojv55q41j9duhlzoqwpf58h4dx1huwta6ba7rvs8s7i\\Citavi Attachments\\adf8b9a5-9412-4c29-8ffe-3ccbb52275d9.pdf:pdf}
}


@misc{SiemensAG2017,
 abstract = {Technische Brosch{\"u}re, Ausgabe September 2017},
 author = {{Siemens AG}},
 date = {2017},
 title = {Prozessleitsystem SIMATIC PCS 7},
 url = {https://cache.industry.siemens.com/dl/files/406/109766406/att_981132/v1/br_simatic_pcs7_de_2017_Web.pdf},
 keywords = {E86060-A4678-A131-B6},
 urldate = {2021-06-16},
 editor = {{Siemens AG}},
 file = {e21720fd-94a7-45ed-900c-c877f3292fe3:C\:\\Users\\z003sz1x\\AppData\\Local\\Swiss Academic Software\\Citavi 6\\ProjectCache\\ojv55q41j9duhlzoqwpf58h4dx1huwta6ba7rvs8s7i\\Citavi Attachments\\e21720fd-94a7-45ed-900c-c877f3292fe3.pdf:pdf}
}


@misc{SiemensAG2018,
 author = {{Siemens AG}},
 date = {2018},
 title = {SIMATIC. Prozessleitsystem PCS 7 Kompendium Teil F - Industrial Security (V9.0)Security-Strategien 4: Projektierungshandbuch},
 urldate = {2021-06-16},
 file = {5d8cf1e9-5159-4b43-8725-9dc8b3f3d7c2:C\:\\Users\\z003sz1x\\AppData\\Local\\Swiss Academic Software\\Citavi 6\\ProjectCache\\ojv55q41j9duhlzoqwpf58h4dx1huwta6ba7rvs8s7i\\Citavi Attachments\\5d8cf1e9-5159-4b43-8725-9dc8b3f3d7c2.pdf:pdf}
}


@misc{SiemensAG2018b,
 abstract = {Prozessleitsystem PCS 7},
 author = {{Siemens AG}},
 date = {2018},
 title = {Prozessleitsystem PCS 7 Getting Started -- Teil 1 (V9.0 mit APL): Getting Started},
 url = {https://support.industry.siemens.com/cs/document/109756196/simatic-prozessleitsystem-pcs-7-getting-started-%E2%80%93-teil-1-(v9-0-mit-apl)?dti=0&lc=de-WW},
 urldate = {2021-06-16},
 editor = {{Siemens AG}},
 file = {18082f7b-fff1-4bce-af14-453a04052770:C\:\\Users\\z003sz1x\\AppData\\Local\\Swiss Academic Software\\Citavi 6\\ProjectCache\\ojv55q41j9duhlzoqwpf58h4dx1huwta6ba7rvs8s7i\\Citavi Attachments\\18082f7b-fff1-4bce-af14-453a04052770.pdf:pdf}
}


@misc{SiemensAG2020,
 author = {{Siemens AG}},
 date = {2020},
 title = {Hochschul-Lehrunterlagen f{\"u}r SIMATIC PCS 7: Siemens Automation Cooperates with Education | 02/2020},
 url = {https://www.automation.siemens.com/sce-static/learning-training-documents/pcs7/v9-0/p01-p02-slides-pcs7-v9-tud-0719-de.pdf},
 urldate = {2021-06-16},
 editor = {{Siemens AG}},
 file = {f215cfa7-7ec3-4db0-8a7d-3de11bb8380d:C\:\\Users\\z003sz1x\\AppData\\Local\\Swiss Academic Software\\Citavi 6\\ProjectCache\\ojv55q41j9duhlzoqwpf58h4dx1huwta6ba7rvs8s7i\\Citavi Attachments\\f215cfa7-7ec3-4db0-8a7d-3de11bb8380d.pdf:pdf}
}


@misc{SiemensIndustryOnlineSupport2018,
 abstract = {Application {\&} Tools},
 author = {{Siemens Industry Online Support}},
 date = {2018},
 title = {PCS 7 Virtualisierung -Projektierung und Konfiguration: SIMATIC PCS 7 V9.0},
 url = {https://support.industry.siemens.com/cs/document/109753671/pcs-7-virtualisierung-projektierung-und-konfiguration-(v9-0)?lc=de-ww},
 keywords = {C{\_}Unrestricted},
 urldate = {2021-06-16},
 editor = {{Siemens AG}},
 file = {e977d322-6015-4e9d-bdf9-5416868908fd:C\:\\Users\\z003sz1x\\AppData\\Local\\Swiss Academic Software\\Citavi 6\\ProjectCache\\ojv55q41j9duhlzoqwpf58h4dx1huwta6ba7rvs8s7i\\Citavi Attachments\\e977d322-6015-4e9d-bdf9-5416868908fd.pdf:pdf}
}


@book{ThomasJoos2018,
 author = {{Thomas Joos}},
 year = {2018},
 title = {VMware vSphere 6.5: Installation/Betrieb/Optimierung/Troubleshooting},
 publisher = {Hanser},
 isbn = {978-3-446-45297-8},
 file = {97069d21-773f-426f-9940-2467c39520e2:C\:\\Users\\z003sz1x\\AppData\\Local\\Swiss Academic Software\\Citavi 6\\ProjectCache\\ojv55q41j9duhlzoqwpf58h4dx1huwta6ba7rvs8s7i\\Citavi Attachments\\97069d21-773f-426f-9940-2467c39520e2.pdf:pdf}
}


@misc{ThorstenKramm2016,
 author = {{Thorsten Kramm}},
 year = {2016},
 title = {Was ist Zabbix},
 url = {https://lab4.org/wiki/Was_ist_Zabbix},
 urldate = {2021-06-14}
}


@article{Torbic,
 abstract = {2018 17th International Symposium INFOTEH-JAHORINA (INFOTEH);2018; ; ;10.1109/INFOTEH.2018.8345548},
 author = {Torbic, Jadran and Stankovic, Ivan and Dordevic, Borislav and Timcenko, Valentina},
 title = {Hyper-V and ESXi hypervisors comparison in Windows Server 12 virtual environment},
 keywords = {ESXi;Hyper-V;performance analysis;virtual machine;Windows Server 12},
 pages = {1--5},
 doi = {10.1109/INFOTEH.2018.8345548},
 file = {https://ieeexplore.ieee.org/document/8345548/},
 file = {62fbd84a-2299-436e-8c7c-678b8b3213f4:C\:\\Users\\z003sz1x\\AppData\\Local\\Swiss Academic Software\\Citavi 6\\ProjectCache\\ojv55q41j9duhlzoqwpf58h4dx1huwta6ba7rvs8s7i\\Citavi Attachments\\62fbd84a-2299-436e-8c7c-678b8b3213f4.pdf:pdf}
}


@misc{VMware2018,
 author = {VMware},
 date = {2018},
 title = {VMWARE vCENTER SERVER: Zuverl{\"a}ssige Bereitstellung einer zentral verwalteten virtuellen Infrastruktur},
 url = {https://www.vmware.com/content/dam/digitalmarketing/vmware/de/pdf/products/vCenter/vmw-datasheetvcenter.pdf},
 urldate = {2021-06-14},
 institution = {{VMware, Inc}},
 file = {95ab4090-9f88-47fe-92ac-45bf6fc77647:C\:\\Users\\z003sz1x\\AppData\\Local\\Swiss Academic Software\\Citavi 6\\ProjectCache\\ojv55q41j9duhlzoqwpf58h4dx1huwta6ba7rvs8s7i\\Citavi Attachments\\95ab4090-9f88-47fe-92ac-45bf6fc77647.pdf:pdf}
}


@book{Vogel2010,
 author = {Vogel, Robert and Ko{\c{c}}o{\u{g}}lu, Tarkan and Berger, Thomas},
 year = {2010},
 title = {Desktopvirtualisierung: Definitionen - Architekturen - Business-Nutzen ; mit 16 Tabellen},
 price = {EUR 39.95},
 keywords = {Anforderungsdefinition;Cloud Computing;Desktop;Ende-zu-Ende-Prinzip;Green-IT;Kundenorientierung;Prozessmanagement;Rechnernetz;Virtualisierung},
 address = {Wiesbaden},
 edition = {1. Aufl.},
 publisher = {{Vieweg + Teubner}},
 series = {Praxis},
 file = {400b9bbb-4bf2-40c8-af2d-5bf0a39fc4dc:C\:\\Users\\z003sz1x\\AppData\\Local\\Swiss Academic Software\\Citavi 6\\ProjectCache\\ojv55q41j9duhlzoqwpf58h4dx1huwta6ba7rvs8s7i\\Citavi Attachments\\400b9bbb-4bf2-40c8-af2d-5bf0a39fc4dc.pdf:pdf}
}


@book{Voges2019,
 abstract = {Der kompakte Leitfaden f{\"u}r die praktische Arbeit mit Windows Server-Gruppenrichtlinien Die 4. Auflage dieses Buches ist Grundlagen-, Praxis- und Nachschlagewerk in einem. Ber{\"u}cksichtigt werden sowohl die Gruppenrichtlinien-Einstellungen in Windows Server 2019 und Windows 10 als auch die Windows Server-Versionen 2016, 2012 und 2008 R2. Stark erweitert wurde das Kapitel mit den praktischen Beispielen. Gruppenrichtlinien-Know-how f{\"u}r Einsteiger und Profis - Einsteiger f{\"u}hrt das Buch von der Basisverwaltung von Gruppenrichtlinien bis hin zur Entwicklung eigener Vorlagen durch alle wichtigen Themen. - Profis finden in diesem Buch Informationen zur Planung von Gruppenrichtlinien, zur Verwaltung (PowerShell 5.1 und AGMP), zur Erweiterung (per Fremdhersteller-Tools) sowie zur Automatisierung mit PowerShell 5.1 und Desired State Configuration. Eine F{\"u}lle von Beispielen aus der administrativen Praxis zeigt Ihnen, wo Sie welche Einstellungen vornehmen k{\"o}nnen, wie sich diese auswirken und wie Sie in Ihrer t{\"a}glichen Arbeit dadurch Zeit sparen k{\"o}nnen. Zahlreiche Tipps und Hinweise helfen Ihnen bei der Fehlersuche und Problembehebung und warnen Sie vor typischen Fallen. Holger Voges, Inhaber der Firma Netz-Weise IT-Training, ist seit 1999 als IT-Trainer und Berater t{\"a}tig. Als Spezialist in den Bereichen Windows Server, Active Directory, SQL Server, Hyper-V und Windows PowerShell hat er zahlreiche Eins{\"a}tze als Consultant in namenhaften Firmen absolviert. Er ist zertifiziert als MCSE und MCITP f{\"u}r Windows Server-Systeme und als Microsoft Trainer (MCT). Holger Voges ist Gr{\"u}nder und Betreiber der PowerShell User Group Hannover. Martin Dausch ist im Bereich Netzwerkadministration als Consultant, Dozent und Autor t{\"a}tig},
 author = {Voges, Holger and Dausch, Martin},
 year = {2019},
 title = {Gruppenrichtlinien in Windows Server und Windows 10 : ein praktischer Leitfaden f{\"u}r die Windows-Verwaltung},
 keywords = {Gruppenrichtlinien;Windows 10;Windows Server;Windows Server System},
 address = {M{\"u}nchen},
 edition = {4., aktualisierte Auflage},
 publisher = {Hanser},
 isbn = {9783446456051},
 series = {Hanser eLibrary},
 doi = {10.3139/9783446456051},
 file = {dabd9c10-e1b7-40c9-98af-eef494507c20:C\:\\Users\\z003sz1x\\AppData\\Local\\Swiss Academic Software\\Citavi 6\\ProjectCache\\ojv55q41j9duhlzoqwpf58h4dx1huwta6ba7rvs8s7i\\Citavi Attachments\\dabd9c10-e1b7-40c9-98af-eef494507c20.pdf:pdf}
}


@book{Weber2019,
 author = {Weber, Klaus H.},
 year = {2019},
 title = {Inbetriebnahme verfahrenstechnischer Anlagen},
 address = {Berlin, Heidelberg},
 publisher = {{Springer Berlin Heidelberg}},
 doi = {10.1007/978-3-662-59498-8},
 file = {6fe847b2-c1e2-49e9-aef1-625dfc5f4b02:C\:\\Users\\z003sz1x\\AppData\\Local\\Swiss Academic Software\\Citavi 6\\ProjectCache\\ojv55q41j9duhlzoqwpf58h4dx1huwta6ba7rvs8s7i\\Citavi Attachments\\6fe847b2-c1e2-49e9-aef1-625dfc5f4b02.pdf:pdf}
}


@book{Weltner2013,
 author = {Weltner, Tobias},
 year = {2013},
 title = {Scripting mit Windows PowerShell 3.0 - der Workshop; Skript-Programmierung mit Windows PowerShell 3.0 - vom Einsteiger bis zum Profi},
 keywords = {Windows PowerShell 3.0},
 address = {Unterschlei{\ss}heim},
 publisher = {{Microsoft Press}},
 isbn = {9783866456877},
 file = {5e85ae5a-0d5e-4a53-a6f1-162ce91a50e2:C\:\\Users\\z003sz1x\\AppData\\Local\\Swiss Academic Software\\Citavi 6\\ProjectCache\\ojv55q41j9duhlzoqwpf58h4dx1huwta6ba7rvs8s7i\\Citavi Attachments\\5e85ae5a-0d5e-4a53-a6f1-162ce91a50e2.pdf:pdf;15f3acff-1931-4afd-a01b-46a5b6933b66:C\:\\Users\\z003sz1x\\AppData\\Local\\Swiss Academic Software\\Citavi 6\\ProjectCache\\ojv55q41j9duhlzoqwpf58h4dx1huwta6ba7rvs8s7i\\Citavi Attachments\\15f3acff-1931-4afd-a01b-46a5b6933b66.pdf:pdf}
}


@misc{White2004,
 author = {White, Dominic and Irwin, Barry},
 date = {2004},
 title = {MICROSOFT WINDOWS SERVER UPDATE SERVICES(WSUS) REVIEW},
 url = {https://digifors.cs.up.ac.za/issa/2005/Proceedings/Research/016_Article.pdf},
 urldate = {2021-07-12},
 editor = {{Rhodes University}},
 file = {177eaf68-f354-42cd-a1d8-f923f34b395a:C\:\\Users\\z003sz1x\\AppData\\Local\\Swiss Academic Software\\Citavi 6\\ProjectCache\\ojv55q41j9duhlzoqwpf58h4dx1huwta6ba7rvs8s7i\\Citavi Attachments\\177eaf68-f354-42cd-a1d8-f923f34b395a.pdf:pdf;cacd6eca-1600-44a0-b716-70dc6b6f059b:C\:\\Users\\z003sz1x\\AppData\\Local\\Swiss Academic Software\\Citavi 6\\ProjectCache\\ojv55q41j9duhlzoqwpf58h4dx1huwta6ba7rvs8s7i\\Remote Attachments\\cacd6eca-1600-44a0-b716-70dc6b6f059b.pdf:pdf}
}


@book{Wietzke2012,
 author = {Wietzke, Joachim},
 year = {2012},
 title = {Embedded Technologies},
 address = {Berlin, Heidelberg},
 publisher = {{Springer Berlin Heidelberg}},
 doi = {10.1007/978-3-642-23996-0},
 file = {abc7beb7-45cd-4a2a-8d3b-f8348d8a9047:C\:\\Users\\z003sz1x\\AppData\\Local\\Swiss Academic Software\\Citavi 6\\ProjectCache\\ojv55q41j9duhlzoqwpf58h4dx1huwta6ba7rvs8s7i\\Citavi Attachments\\abc7beb7-45cd-4a2a-8d3b-f8348d8a9047.pdf:pdf}
}


@book{Wohrmann2018,
 author = {W{\"o}hrmann, Bertram and Gro{\ss}e, Jan and Baumgart, G{\"u}nter and Sch{\"o}nfeld, Thomas and Zimmer, Dennis and Alder, Urs Stephan and Wegner, Frank and Soeldner, Jens-Henrik},
 year = {2018},
 title = {VMware vSphere 6.7 : das umfassende Handbuch},
 keywords = {Aufsatzsammlung;VMware vSphere 6.7},
 address = {Bonn},
 edition = {5., aktualisierte und erweiterte Auflage},
 publisher = {{Rheinwerk Verlag}},
 isbn = {383626336X},
 series = {Rheinwerk Design},
 file = {2cc3d179-a695-4e1e-a194-ae240f3f0a6c:C\:\\Users\\z003sz1x\\AppData\\Local\\Swiss Academic Software\\Citavi 6\\ProjectCache\\ojv55q41j9duhlzoqwpf58h4dx1huwta6ba7rvs8s7i\\Citavi Attachments\\2cc3d179-a695-4e1e-a194-ae240f3f0a6c.pdf:pdf}
}


@misc{ZabbixSIA2021,
 author = {Zabbix},
 year = {2021},
 title = {Monitor anything: Solutions for any kind of IT infrastructure, services, applications, resources},
 url = {https://www.zabbix.com/},
 urldate = {2021-07-01}
}


@book{Zimmer2014,
 author = {Zimmer, Dennis and W{\"o}hrmann, Bertram and Sch{\"a}fer, Carsten and Baumgart, G{\"u}nter and Alder, Urs Stephan and Brunner, Marcel},
 year = {2014},
 title = {VMware vSphere 5.5: Das umfassende Handbuch},
 address = {Bonn},
 edition = {3., aktualisierte Auflage},
 publisher = {{Galileo Press}},
 isbn = {9783836229357}
}


